{
  "leader": "00798nam a2200229Ii 4500",
  "fields": [
    {
      "001": "bslw09817132"
    },
    {
      "003": "UtOrBLW"
    },
    {
      "005": "20211007154554.0"
    },
    {
      "008": "211007s1963\\\\\\\\enka\\\\\\\\\\\\\\\\\\\\001\\0ceng\\u"
    },
    {
      "040": {
        "ind1": "\\",
        "ind2": "\\",
        "subfields": [
          {
            "a": "UtOrBLW"
          },
          {
            "b": "eng"
          },
          {
            "e": "rda"
          },
          {
            "c": "UtOrBLW"
          }
        ]
      }
    },
    {
      "082": {
        "ind1": "0",
        "ind2": "4",
        "subfields": [
          {
            "a": "001.44"
          },
          {
            "b": "RIE"
          }
        ]
      }
    },
    {
      "100": {
        "ind1": "1",
        "ind2": "\\",
        "subfields": [
          {
            "a": "Riedman, Sarah R.,"
          },
          {
            "d": "1902-1995,"
          },
          {
            "e": "author."
          }
        ]
      }
    },
    {
      "245": {
        "ind1": "1",
        "ind2": "0",
        "subfields": [
          {
            "a": "Portraits of Nobel laureates in medicine and physiology /"
          },
          {
            "c": "by Sarah R. Riedman and Elton T. Gustafson."
          }
        ]
      }
    },
    {
      "264": {
        "ind1": "\\",
        "ind2": "1",
        "subfields": [
          {
            "a": "London ;"
          },
          {
            "a": "New York ;"
          },
          {
            "a": "Toronto :"
          },
          {
            "b": "Abelard-Schuman,"
          },
          {
            "c": "1963."
          }
        ]
      }
    },
    {
      "300": {
        "ind1": "\\",
        "ind2": "\\",
        "subfields": [
          {
            "a": "343 pages :"
          },
          {
            "b": "illustrations ;"
          },
          {
            "c": "23 cm"
          }
        ]
      }
    },
    {
      "336": {
        "ind1": "\\",
        "ind2": "\\",
        "subfields": [
          {
            "a": "text"
          },
          {
            "b": "txt"
          },
          {
            "2": "rdacontent"
          }
        ]
      }
    },
    {
      "337": {
        "ind1": "\\",
        "ind2": "\\",
        "subfields": [
          {
            "a": "unmediated"
          },
          {
            "b": "n"
          },
          {
            "2": "rdamedia"
          }
        ]
      }
    },
    {
      "338": {
        "ind1": "\\",
        "ind2": "\\",
        "subfields": [
          {
            "a": "volume"
          },
          {
            "b": "nc"
          },
          {
            "2": "rdacarrier"
          }
        ]
      }
    },
    {
      "500": {
        "ind1": "\\",
        "ind2": "\\",
        "subfields": [
          {
            "a": "Includes index."
          }
        ]
      }
    },
    {
      "650": {
        "ind1": "\\",
        "ind2": "0",
        "subfields": [
          {
            "a": "Nobel Prize winners"
          },
          {
            "v": "Biography."
          }
        ]
      }
    },
    {
      "700": {
        "ind1": "1",
        "ind2": "\\",
        "subfields": [
          {
            "a": "Gustafson, Elton T.,"
          },
          {
            "e": "author."
          }
        ]
      }
    },
    {
      "999": {
        "ind1": "\\",
        "ind2": "\\",
        "subfields": [
          {
            "a": "00000000012407"
          }
        ]
      }
    }
  ]
}